<?xml version="1.0" encoding="UTF-8"?><collection xmlns="http://www.loc.gov/MARC21/slim"><record><leader>00393nam--2200133-i-4500</leader><controlfield tag="001">000027931</controlfield><controlfield tag="002">20161230</controlfield><controlfield tag="005">20161230201037</controlfield><controlfield tag="008">060222s1000------------r-----000-0-eng-d</controlfield><datafield ind1=" " ind2=" " tag="100"><subfield code="a">Schilling, Ronald B</subfield></datafield><datafield ind1=" " ind2=" " tag="260"><subfield code="a">Semiconductor Device Modeling For Computer Aided Design</subfield></datafield><datafield ind1=" " ind2=" " tag="490"><subfield code="a">New York, Mcgraw-hill Book Company, 1972. Xiv + 360p</subfield></datafield><datafield ind1=" " ind2=" " tag="700"><subfield code="a">Herskowitz, Gerald J</subfield></datafield><datafield ind1=" " ind2=" " tag="852"><subfield code="a">621.382:681.3</subfield></datafield></record></collection>